@online{ManLaTex, 
	title = {Símbolos, tutoriales y recursos para escribir en LaTeX},
	date = {04/10/2024},
	url = {https://manualdelatex.com/},
}


@online{rae_interfaz,
	ALTauthor = {Real academia española},
	ALTeditor = {editor},
	title = {title},
	date = {9 oct 2024},
	url = {<https://dle.rae.es>},
	OPTtitleaddon = {titleaddon},
	OPTlanguage = {language},
	OPTversion = {version 23.7 en línea},
	OPTnote = {note},
	OPTorganization = {organization},
	OPTdate = {date},
	OPTmonth = {month},
	OPTyear = {year},
	OPTaddendum = {addendum},
	OPTpubstate = {pubstate},
	OPTurldate = {urldate},
}


